@MANUAL{photoeffect,
   title={The Photoelectric Effect},
   organization={MIT Department of Physics},
   month={September},
   year={2018},
   url={http://web.mit.edu/8.13/www/JLExperiments/JLExp005.pdf}
   }

