@MANUAL{labmanual,
	title={Relativistic Dynamics: The Relations Among Energy, Momentum, and Velocity of
		Electrons and the Measurement of $e / m$},
	organization={MIT Department of Physics},
	month={August},
	year={2013},
	url={http://web.mit.edu/8.13/www/JLExperiments/JLExp09.pdf}
}
@MANUAL{neutrinos, 
	title={Detecting Neutrino Magnetic Moments with Conducting Loops},
	author={Apyan, Aram and Apyam, Armen and Schmitt, Michael}, 
	month={September},
	year={2007},
	url={https://arxiv.org/pdf/0709.3636.pdf}
}
