@MANUAL{labmanual,
	title={8.13 Junior Lab Manual for CosmicWatch: The Desktop Muon Detector (v3)},
	authors={Spencer Axani, Janet Conrad},
	month={October},
	year={2020}}

@DETECTOR{detector,
	title={The CosmicWatch Desktop Muon Detector: a
	self-contained, pocket sized particle detector.}, 
	author={Axani, S.N. and Frankiewicz, K. and Conrad, J.M.}, 
	month={March}, 
	year={2018}, 
	url={https://arxiv.org/pdf/1801.03029.pdf}}

@PDG{pdg,
	title={Cosmic Rays},
	organization={Particle Data Group},
	author={Beatty, J.J and Matthews, J. and Wakely, S.P.},
	month={October},
	year={2019}, 
	url={https://pdg.lbl.gov/2019/reviews/rpp2019-rev-cosmic-rays.pdf}}

@MUONS{muons,
	title={Searching in CMS Open Data for Dimuon Resonances
	with Substantial Transverse Momentum},
	author={Cesaroti, Cari and Soreq, Yotam and Strassler, Matthew and Thaler, Jesse and Xue, Wei},
	month={July},
	year={2019}, 
	url={https://arxiv.org/pdf/1902.04222.pdf}}

