@MANUAL{labmanual,
	title={21cm Radio Astrophysics},
	organization={MIT Department of Physics},
	month={October},
	year={2014},
	url={http://web.mit.edu/8.13/www/JLExperiments/JLExp46.pdf}
}

